<record><leader>01738cam a2200421 i 45 0</leader><controlfield tag="001">6855865</controlfield><controlfield tag="003">OCoLC</controlfield><controlfield tag="005">20150310111113.0</controlfield><controlfield tag="008">150109s2015    nyua   j b    000 0beng  </controlfield><datafield ind1=" " ind2=" " tag="010"><subfield code="a">  2014046465</subfield></datafield><datafield ind1=" " ind2=" " tag="020"><subfield code="a">9780448483214 (pbk)</subfield></datafield><datafield ind1=" " ind2=" " tag="020"><subfield code="a">0448483211 (pbk)</subfield></datafield><datafield ind1=" " ind2=" " tag="035"><subfield code="a">ocn881887964</subfield></datafield><datafield ind1=" " ind2=" " tag="040"><subfield code="a">DLC</subfield><subfield code="b">eng</subfield><subfield code="e">rda</subfield><subfield code="c">DLC</subfield><subfield code="d">YDXCP</subfield><subfield code="d">BTCTA</subfield><subfield code="d">BDX</subfield><subfield code="d">ON8</subfield><subfield code="d">GO6</subfield><subfield code="d">NYP</subfield><subfield code="d">CGP</subfield><subfield code="d">OCLCO</subfield><subfield code="d">TCB</subfield><subfield code="d">OCLCO</subfield><subfield code="b">AEVC</subfield></datafield><datafield ind1=" " ind2=" " tag="042"><subfield code="a">pcc</subfield></datafield><datafield ind1=" " ind2=" " tag="043"><subfield code="a">n-cn---</subfield></datafield><datafield ind1="1" ind2="4" tag="050"><subfield code="a">GV848.5.G73</subfield><subfield code="b">H47 2015</subfield></datafield><datafield ind1="0" ind2="4" tag="082"><subfield code="a">796.962092</subfield><subfield code="a">B</subfield><subfield code="2">23</subfield></datafield><datafield ind1=" " ind2=" " tag="090"><subfield code="a">ER Series WHO IS</subfield><subfield code="b">AEVC</subfield></datafield><datafield ind1="1" ind2=" " tag="100"><subfield code="a">Herman, Gail,</subfield><subfield code="d">1959-</subfield><subfield code="e">author.</subfield></datafield><datafield ind1="1" ind2="0" tag="245"><subfield code="a">Who is Wayne Gretzky? /</subfield><subfield code="c">by Gail Herman ; illustrated by Ted Hammond.</subfield></datafield><datafield ind1=" " ind2="1" tag="264"><subfield code="a">New York, New York, USA :</subfield><subfield code="b">Grosset &amp; Dunlap, an imprint of Penguin Group (USA) LLC,</subfield><subfield code="c">[2015]</subfield></datafield><datafield ind1=" " ind2="4" tag="264"><subfield code="c">&#169;2015.</subfield></datafield><datafield ind1=" " ind2=" " tag="300"><subfield code="a">106 pages :</subfield><subfield code="b">illustrations ;</subfield><subfield code="c">20 cm</subfield></datafield><datafield ind1=" " ind2=" " tag="336"><subfield code="a">text</subfield><subfield code="b">txt</subfield><subfield code="2">rdacontent</subfield></datafield><datafield ind1=" " ind2=" " tag="337"><subfield code="a">unmediated</subfield><subfield code="b">n</subfield><subfield code="2">rdamedia</subfield></datafield><datafield ind1=" " ind2=" " tag="338"><subfield code="a">volume</subfield><subfield code="b">nc</subfield><subfield code="2">rdacarrier</subfield></datafield><datafield ind1="1" ind2=" " tag="490"><subfield code="a">Who is...?</subfield></datafield><datafield ind1=" " ind2=" " tag="520"><subfield code="a">Profiles the life and accomplishments of the Canadian hockey player, from his youth in Brantford, Ontario to his Stanley Cup championships.</subfield></datafield><datafield ind1=" " ind2=" " tag="520"><subfield code="a">Known for his love for family and as a truly decent human being, Wayne Gretzky is revealed as more than a sports legend in this easy-to-read biography.</subfield></datafield><datafield ind1=" " ind2=" " tag="596"><subfield code="a">3</subfield></datafield><datafield ind1="1" ind2="0" tag="600"><subfield code="a">Gretzky, Wayne,</subfield><subfield code="d">1961-</subfield><subfield code="v">Juvenile literature.</subfield></datafield><datafield ind1="1" ind2="1" tag="600"><subfield code="a">Gretzky, Wayne,</subfield><subfield code="d">1961-</subfield></datafield><datafield ind1=" " ind2="0" tag="650"><subfield code="a">Hockey players</subfield><subfield code="z">Canada</subfield><subfield code="v">Biography</subfield><subfield code="v">Juvenile literature.</subfield></datafield><datafield ind1=" " ind2="1" tag="650"><subfield code="a">Hockey players.</subfield></datafield><datafield ind1="1" ind2=" " tag="700"><subfield code="a">Hammond, Ted,</subfield><subfield code="e">illustrator.</subfield></datafield><datafield ind1=" " ind2="0" tag="830"><subfield code="a">Who is-- ?</subfield></datafield><datafield ind1=" " ind2=" " tag="926"><subfield code="a">ER Series WHO IS</subfield><subfield code="w">ASIS</subfield><subfield code="c">1</subfield><subfield code="i">33862001359003</subfield><subfield code="d">2/14/2017</subfield><subfield code="e">1/24/2017</subfield><subfield code="l">EASY_READ</subfield><subfield code="m">NORQ_MAIN</subfield><subfield code="n">1</subfield><subfield code="p">$5.24</subfield><subfield code="r">Y</subfield><subfield code="s">Y</subfield><subfield code="t">BOOK</subfield><subfield code="u">5/5/2015</subfield></datafield></record>